@book{beck2008implementation,
  title={Implementation Patterns},
  author={Beck, K.},
  isbn={9780321413093},
  lccn={2007035166},
  series={The Addison-Wesley signature series},
  url={https://books.google.it/books?id=i40hAQAAIAAJ},
  year={2008},
  publisher={Addison-Wesley},
}

@book{martin2009clean,
  title={Clean Code: A Handbook of Agile Software Craftsmanship},
  author={Martin, R.C.},
  isbn={9780132350884},
  lccn={20080240},
  series={Robert C. Martin series},
  url={https://books.google.it/books?id=dwSfGQAACAAJ},
  year={2009},
  publisher={Prentice Hall}
}

@book{cleary2014concurrency,
  title={Concurrency in C\# Cookbook},
  author={Cleary, S.},
  isbn={9781491906682},
  url={https://books.google.it/books?id=MMaUAwAAQBAJ},
  year={2014},
  publisher={O'Reilly Media}
}

@book{albahari2015c,
  title={C\# 6.0 in a Nutshell: The Definitive Reference},
  author={Albahari, J. and Albahari, B.},
  isbn={9781491927038},
  url={https://books.google.it/books?id=osbeCgAAQBAJ},
  year={2015},
  publisher={O'Reilly Media}
}

@book{fowler2012patterns,
  title={Patterns of Enterprise Application Architecture},
  author={Fowler, M.},
  isbn={9780133065213},
  series={Addison-Wesley Signature Series (Fowler)},
  url={https://books.google.it/books?id=vqTfNFDzzdIC},
  year={2012},
  publisher={Pearson Education}
}

@book{humble2010continuous,
  title={Continuous Delivery: Reliable Software Releases through Build, Test, and Deployment Automation},
  author={Humble, J. and Farley, D.},
  isbn={9780321670229},
  series={Addison-Wesley Signature Series (Fowler)},
  url={https://books.google.it/books?id=6ADDuzere-YC},
  year={2010},
  publisher={Pearson Education}
}

@book{crockford2008javascript,
  title={JavaScript: The Good Parts},
  author={Crockford, D.},
  isbn={9780596554873},
  url={https://books.google.it/books?id=PXa2bby0oQ0C},
  year={2008},
  publisher={O'Reilly Media}
}

@book{gamma1994design,
  title={Design Patterns: Elements of Reusable Object-Oriented Software},
  author={Gamma, E. and Helm, R. and Johnson, R. and Vlissides, J.},
  isbn={9780321700698},
  url={https://books.google.it/books?id=6oHuKQe3TjQC},
  year={1994},
  publisher={Pearson Education}
}

@booklet{toub2012tap,
    author    = "Stephen Toub",
    title     = "The Task-based Asynchronous Pattern",
    pages    = "38",
    year      = "2012",
}

@book{duvall2007continuous,
  title={Continuous Integration: Improving Software Quality and Reducing Risk},
  author={Duvall, P.M. and Matyas, S. and Glover, A.},
  isbn={9780321630148},
  series={Addison-Wesley Signature Series},
  url={https://books.google.it/books?id=PV9qfEdv9L0C},
  year={2007},
  publisher={Pearson Education}
}

